% This file was created with Citavi 6.15.2.0

@misc{Swissdec.06.05.2023,
 abstract = {Swissdec ist ein nicht gewinnorientiertes Gemeinschaftsprojekt mehrerer unabh{\"a}ngiger Partner und das Qualit{\"a}tslabel f{\"u}r den elektronischen Datenaustausch zwischen Unternehmen und Versicherern sowie Beh{\"o}rden.},
 author = {Swissdec},
 year = {06.05.2023},
 title = {{\"U}ber Swissdec},
 url = {https://www.swissdec.ch/de/ueber-swissdec/},
 urldate = {06.05.2023}
}


